@online{products,
  title = "Products",
  url = {https://en.wikipedia.org/wiki/Product_(category_theory)}
}
@online{coproducts,
  title = "Coproducts",
  url = {https://en.wikipedia.org/wiki/Coproduct}
}
@online{category_theory,
  title = "Category Theory",
  url = {https://en.wikipedia.org/wiki/Category_theory}
}
@online{distributive_category,
  title = "Distributive Category",
  url = {https://en.wikipedia.org/wiki/Distributive_category}
}
@online{category,
  title = "Category",
  url = {https://en.wikipedia.org/wiki/Category}
}

